% Assumptions of Physics articles and books
% -----------------------------------------

@book{aop-book,
	author    = {Gabriele Carcassi and Christine A. Aidala}, 
	title     = {Assumptions of Physics},
	publisher = {Michigan Publishing},
	year      = 2021,
	isbn      = {978-1-60785-706-7},
	doi       = {10.3998/mpub.12204707},
	url       = {https://doi.org/10.3998/mpub.12204707}
}

@misc{aop-overview-verifiability,
	title={Assumptions of {P}hysics overview: experimental verifiability and topology}, 
	author={Gabriele Carcassi and Christine A. Aidala},
	year={2021},
	eprint={2103.06053},
	archivePrefix={arXiv},
	primaryClass={physics.gen-ph}
}

@article{aop-phil-Hamiltonianinformation,
	title={Hamiltonian mechanics is conservation of information entropy},
	author={Carcassi, Gabriele and Aidala, Christine A},
	journal={Studies in History and Philosophy of Science Part B: Studies in History and Philosophy of Modern Physics},
	volume={71},
	pages={60--71},
	year={2020},
	publisher={Elsevier},
	doi={10.1016/j.shpsb.2020.04.004}
}

@article{aop-phys-spacetimetopological,
	title={Space-time structure may be topological and not geometrical},
	author={Carcassi, Gabriele and Aidala, Christine A},
	journal={Physica Scripta},
	volume={95},
	number={8},
	pages={084003},
	year={2020},
	publisher={IOP Publishing},
	doi={10.1088/1402-4896/ab9bdb}
}

@article{aop-phys-fourpostulates,
	title={Four Postulates of Quantum Mechanics Are Three},
	author={Carcassi, Gabriele and Maccone, Lorenzo and Aidala, Christine A},
	journal={Physical Review Letters},
	volume={126},
	number={11},
	pages={110402},
	year={2021},
	publisher={APS},
	doi={10.1103/PhysRevLett.126.110402}
}

@article{aop-phys-fundamentalconnections,
	title={The fundamental connections between classical Hamiltonian mechanics, quantum mechanics and information entropy},
	author={Carcassi, Gabriele and Aidala, Christine A},
	journal={International Journal of Quantum Information},
	volume={18},
	number={01},
	pages={1941025},
	year={2020},
	publisher={World Scientific},
	doi={10.1142/S0219749919410259}
}

@article{aop-phys-variability,
	title={Variability as a better characterization of Shannon entropy},
	author={Carcassi, Gabriele and Aidala, Christine A and Barbour, Julian},
	journal={European Journal of Physics},
	volume={42},
	number={4},
	pages={045102},
	year={2021},
	publisher={IOP Publishing},
	doi={10.1088/1361-6404/abe361}
}
@article{aop-math-topologydistinguishability,
	title={Topology and Experimental Distinguishability},
	author={Aidala, Christine A and Carcassi, Gabriele and Greenfield, Mark J},
	journal={Topology Proceedings},
	volume={54},
	pages={271--282},
	year={2019}
}
